% Encoding: UTF-8

@Book{cormen2009introduction,
  title     = {Introduction to algorithms},
  publisher = {MIT press},
  year      = {2009},
  author    = {Cormen, Thomas H},
  note      = {Kapitel~11:~Hash~Tables},
}

@Book{snir1998mpi,
  title     = {MPI--the Complete Reference: the MPI core},
  publisher = {MIT press},
  year      = {1998},
  author    = {Snir, Marc},
  volume    = {1},
}

@InProceedings{naor2003simple,
  author       = {Naor, Moni and Wieder, Udi},
  title        = {A simple fault tolerant distributed hash table},
  booktitle    = {International Workshop on Peer-to-Peer Systems},
  year         = {2003},
  pages        = {88--97},
  organization = {Springer},
}

@Misc{schlittermann.de2014,
  author       = {schlittermann.de},
  title        = {SSH ohne Passwort},
  howpublished = {Internetseite},
  year         = {2014},
  note         = {Abgerufen am 27.02.2018},
  url          = {http://www.schlittermann.de/doc/ssh.html},
}

@Comment{jabref-meta: databaseType:bibtex;}
